@online{tuto-arduino,
	author = "Eskimon and olyte",
	title = " Arduino : Premiers pas en informatique embarquée --- Zeste de Savoir",
	year = "2015",
	url = "https://zestedesavoir.com/tutoriels/537/arduino-premiers-pas-en-informatique-embarquee/"
}

@online{wiki:caracteristiques,
	author = "Wikipédia",
	title = "Qualité métrologique des appareils de mesure --- {W}ikipédia{,} l'encyclopédie libre",
	year = "2015",
	url = "http://fr.wikipedia.org/wiki/Qualit%C3%A9_m%C3%A9trologique_des_appareils_de_mesure"
}

@online{wiki:capteur,
	author = "{{Seeed Studio}}",
	title = "Grove - Barometer Sensor (BMP180)",
	year = "2014",
	url = "http://www.seeedstudio.com/wiki/Grove_-_Barometer_Sensor_%28BMP180%29"
}

@online{wiki:i2c,
	author = "Wikipédia",
	title = "I\up 2C --- {W}ikipédia{,} l'encyclopédie libre",
	year = "2014",
	url = "http://fr.wikipedia.org/wiki/I2C"
}

@online{wiki:ethernet,
	author = "{{Seeed Studio}}",
	title = "Ethernet Shield V2.0",
	year = "2014",
	url = "http://www.seeedstudio.com/wiki/Ethernet_Shield_V2.0"
}

@online{tuto:html,
	author = "Nebra, Mathieu",
	title = "Apprenez à créer votre site Web avec HTML5 et CSS3",
	year = "2015",
	url = "http://openclassrooms.com/courses/apprenez-a-creer-votre-site-web-avec-html5-et-css3"
}

@online{tuto:php,
	author = "Nebra, Mathieu",
	title = "Concevez votre site avec PHP et MySQL",
	year = "2015",
	url = "http://openclassrooms.com/courses/concevez-votre-site-web-avec-php-et-mysql"
}

@online{wiki:http,
	author = "Wikipédia",
	title = "Serveur HTTP --- {W}ikipédia{,} l'encyclopédie libre",
	year = "2014",
	url = "http://fr.wikipedia.org/wiki/Serveur_HTTP"
}

@online{wiki:ip,
	author = "Wikipédia",
	title = "Adresse IP --- {W}ikipédia{,} l'encyclopédie libre",
	year = "2014",
	url = "http://fr.wikipedia.org/wiki/Adresse_IP"
}
